<record xmlns:xs="http://www.w3.org/2001/XMLSchema">
         <leader>     caa a22     2  4500</leader>
         <controlfield tag="001">102799504</controlfield>
         <controlfield tag="003">CHVBK</controlfield>
         <controlfield tag="005">20161007171247.0</controlfield>
         <controlfield tag="008">060420s1968    sz            00    ger  </controlfield>
         <datafield tag="019" ind1=" " ind2=" ">
            <subfield code="a">RekatMedea: 163.0543</subfield>
            <subfield code="5">akswa</subfield>
         </datafield>
         <datafield tag="035" ind1=" " ind2=" ">
            <subfield code="a">(OCoLC)883808854</subfield>
         </datafield>
         <datafield tag="035" ind1=" " ind2=" ">
            <subfield code="a">(IDSBB)003878888</subfield>
         </datafield>
         <datafield tag="040" ind1=" " ind2=" ">
            <subfield code="a">SzZuIDS BS/BE A125</subfield>
            <subfield code="e">kids</subfield>
         </datafield>
         <datafield tag="100" ind1="1" ind2=" ">
            <subfield code="a">Winzeler</subfield>
            <subfield code="D">Kurt R.</subfield>
         </datafield>
         <datafield tag="245" ind1="1" ind2="0">
            <subfield code="a">Versuch eines interkommunalen Vergleichs von Gemeindeausgaben im Kanton Aargau</subfield>
            <subfield code="c">Kurt R. Winzeler</subfield>
         </datafield>
         <datafield tag="336" ind1=" " ind2=" ">
            <subfield code="a">Text</subfield>
            <subfield code="b">txt</subfield>
            <subfield code="2">rdacontent/ger</subfield>
         </datafield>
         <datafield tag="337" ind1=" " ind2=" ">
            <subfield code="a">ohne Hilfsmittel zu benutzen</subfield>
            <subfield code="b">n</subfield>
            <subfield code="2">rdamedia/ger</subfield>
         </datafield>
         <datafield tag="338" ind1=" " ind2=" ">
            <subfield code="a">Band</subfield>
            <subfield code="b">nc</subfield>
            <subfield code="2">rdacarrier/ger</subfield>
         </datafield>
         <datafield tag="773" ind1="0" ind2="A">
            <subfield code="t">Plan</subfield>
            <subfield code="g">25 (1968), Nr. 4, S. 125-127</subfield>
            <subfield code="j">25/1968/4/125-127</subfield>
            <subfield code="1">1968</subfield>
            <subfield code="2">25</subfield>
            <subfield code="w">(IDSBB)000007021</subfield>
            <subfield code="9">104916680</subfield>
         </datafield>
         <datafield tag="909" ind1=" " ind2="7">
            <subfield code="f">akswamedea</subfield>
            <subfield code="2">idsbb A</subfield>
         </datafield>
         <datafield tag="950" ind1=" " ind2=" ">
            <subfield code="B">IDSBB</subfield>
            <subfield code="P">100</subfield>
            <subfield code="E">1-</subfield>
            <subfield code="a">Winzeler</subfield>
            <subfield code="D">Kurt R.</subfield>
         </datafield>
         <datafield tag="950" ind1=" " ind2=" ">
            <subfield code="B">IDSBB</subfield>
            <subfield code="P">773</subfield>
            <subfield code="E">0A</subfield>
            <subfield code="t">Plan</subfield>
            <subfield code="g">25 (1968), Nr. 4, S. 125-127</subfield>
            <subfield code="j">25/1968/4/125-127</subfield>
            <subfield code="1">1968</subfield>
            <subfield code="2">25</subfield>
            <subfield code="w">(IDSBB)000007021</subfield>
            <subfield code="9">104916680</subfield>
         </datafield>
         <datafield tag="898" ind1=" " ind2=" ">
            <subfield code="a">BK010000</subfield>
            <subfield code="b">XK010000</subfield>
            <subfield code="c">XK010000</subfield>
         </datafield>
         <datafield tag="852" ind1="4" ind2=" ">
            <subfield code="B">IDSBB</subfield>
            <subfield code="F">C001</subfield>
            <subfield code="j">- -</subfield>
            <subfield code="a">-</subfield>
         </datafield>
      <datafield tag="949" ind1=" " ind2=" "><subfield code="B">IDSSG</subfield><subfield code="F">HIFF</subfield><subfield code="c">BIB</subfield><subfield code="j">AJ Sep. 03</subfield></datafield></record>