
<record xmlns:xs="http://www.w3.org/2001/XMLSchema">
         <leader>     cam a22     4  4500</leader>
         <controlfield tag="001">369157532</controlfield>
         <controlfield tag="003">CHVBK</controlfield>
         <controlfield tag="005">20190206080755.0</controlfield>
         <controlfield tag="008">161012s2016    sz            000 0 ger  </controlfield>
         <datafield tag="016" ind1="7" ind2=" ">
            <subfield code="a">1100181873</subfield>
            <subfield code="2">DE-101</subfield>
         </datafield>
         <datafield tag="020" ind1=" " ind2=" ">
            <subfield code="a">978-3-0355-0551-1</subfield>
            <subfield code="q">Print</subfield>
         </datafield>
         <datafield tag="024" ind1="8" ind2=" ">
            <subfield code="a">9783035505511</subfield>
         </datafield>
         <datafield tag="035" ind1=" " ind2=" ">
            <subfield code="a">(IDSSG)000896767</subfield>
         </datafield>
         <datafield tag="035" ind1=" " ind2=" ">
            <subfield code="a">(IDSBB)006573615</subfield>
         </datafield>
         <datafield tag="035" ind1=" " ind2=" ">
            <subfield code="a">(NEBIS)010716455</subfield>
         </datafield>
         <datafield tag="035" ind1=" " ind2=" ">
            <subfield code="a">(RERO)R008856970</subfield>
         </datafield>
         <datafield tag="035" ind1=" " ind2=" ">
            <subfield code="a">(BGR)000664371</subfield>
         </datafield>
         <datafield tag="035" ind1=" " ind2=" ">
            <subfield code="a">(IDSLU)001254182</subfield>
         </datafield>
         <datafield tag="035" ind1=" " ind2=" ">
            <subfield code="a">(OCoLC)950028505</subfield>
         </datafield>
         <datafield tag="040" ind1=" " ind2=" ">
            <subfield code="a">GWDNB</subfield>
            <subfield code="b">ger</subfield>
            <subfield code="d">SzZuIDS NEBIS PHZH</subfield>
            <subfield code="d">SzZuIDS PHSG</subfield>
            <subfield code="e">rda</subfield>
         </datafield>
         <datafield tag="044" ind1=" " ind2=" ">
            <subfield code="c">XA-CH</subfield>
         </datafield>
         <datafield tag="072" ind1=" " ind2="7">
            <subfield code="a">s1pe</subfield>
            <subfield code="2">rero</subfield>
         </datafield>
         <datafield tag="082" ind1="1" ind2=" ">
            <subfield code="a">300</subfield>
            <subfield code="2">15</subfield>
         </datafield>
         <datafield tag="082" ind1="1" ind2=" ">
            <subfield code="a">370</subfield>
            <subfield code="2">15</subfield>
         </datafield>
         <datafield tag="082" ind1="0" ind2="4">
            <subfield code="a">379.1109494</subfield>
            <subfield code="2">22/ger</subfield>
         </datafield>
         <datafield tag="084" ind1=" " ind2=" ">
            <subfield code="a">MS 7050</subfield>
            <subfield code="2">rvk</subfield>
         </datafield>
         <datafield tag="084" ind1=" " ind2=" ">
            <subfield code="a">370</subfield>
            <subfield code="2">sdnb</subfield>
         </datafield>
         <datafield tag="091" ind1=" " ind2=" ">
            <subfield code="a">CH001C85F748CF73B51FEC12580C000392A86</subfield>
            <subfield code="b">iCapture</subfield>
         </datafield>
         <datafield tag="100" ind1="1" ind2=" ">
            <subfield code="a">Gonon</subfield>
            <subfield code="D">Philipp</subfield>
            <subfield code="d">1955-</subfield>
            <subfield code="0">(DE-588)120447444</subfield>
            <subfield code="e">Verfasser</subfield>
            <subfield code="4">aut</subfield>
         </datafield>
         <datafield tag="245" ind1="1" ind2="0">
            <subfield code="a">Governance im Spannungsfeld des schweizerischen Bildungsföderalismus</subfield>
            <subfield code="b">Sechs Fallstudien</subfield>
            <subfield code="c">Philipp Gonon, Anton Hügli, Rudolf Künzli, Katharina Maag Merki, Moritz Rosenmund, Karl Weber</subfield>
         </datafield>
         <datafield tag="250" ind1=" " ind2=" ">
            <subfield code="a">1. Auflage</subfield>
         </datafield>
         <datafield tag="264" ind1=" " ind2="1">
            <subfield code="a">Bern</subfield>
            <subfield code="b">hep, der Bildungsverlag</subfield>
            <subfield code="c">[2016]</subfield>
         </datafield>
         <datafield tag="264" ind1=" " ind2="4">
            <subfield code="a">© 2016</subfield>
         </datafield>
         <datafield tag="300" ind1=" " ind2=" ">
            <subfield code="a">141 Seiten</subfield>
            <subfield code="b">Illustrationen</subfield>
         </datafield>
         <datafield tag="650" ind1=" " ind2="7">
            <subfield code="a">Bildungssystem</subfield>
            <subfield code="0">(DE-588)4069467-7</subfield>
            <subfield code="2">gnd</subfield>
         </datafield>
         <datafield tag="650" ind1=" " ind2="7">
            <subfield code="a">Föderalismus</subfield>
            <subfield code="0">(DE-588)4017754-3</subfield>
            <subfield code="2">gnd</subfield>
         </datafield>
         <datafield tag="650" ind1=" " ind2="7">
            <subfield code="a">Berufsbildung</subfield>
            <subfield code="0">(DE-588)4069342-9</subfield>
            <subfield code="2">gnd</subfield>
         </datafield>
         <datafield tag="650" ind1=" " ind2="7">
            <subfield code="a">Lehrerbildung</subfield>
            <subfield code="0">(DE-588)4035093-9</subfield>
            <subfield code="2">gnd</subfield>
         </datafield>
         <datafield tag="650" ind1=" " ind2="7">
            <subfield code="a">Weiterbildung</subfield>
            <subfield code="0">(DE-588)4117622-4</subfield>
            <subfield code="2">gnd</subfield>
         </datafield>
         <datafield tag="650" ind1=" " ind2="7">
            <subfield code="a">Governance</subfield>
            <subfield code="0">(DE-588)4639012-1</subfield>
            <subfield code="2">gnd</subfield>
         </datafield>
         <datafield tag="650" ind1=" " ind2="7">
            <subfield code="a">Bildungspolitik</subfield>
            <subfield code="0">(DE-588)4006667-8</subfield>
            <subfield code="2">gnd</subfield>
         </datafield>
         <datafield tag="650" ind1=" " ind2="7">
            <subfield code="a">Bildungsausgaben</subfield>
            <subfield code="0">(DE-588)4145461-3</subfield>
            <subfield code="2">gnd</subfield>
         </datafield>
         <datafield tag="651" ind1=" " ind2="7">
            <subfield code="a">Schweiz</subfield>
            <subfield code="0">(DE-588)4053881-3</subfield>
            <subfield code="2">gnd</subfield>
         </datafield>
         <datafield tag="655" ind1=" " ind2="7">
            <subfield code="a">Aufsatzsammlung</subfield>
            <subfield code="2">gnd-content</subfield>
         </datafield>
         <datafield tag="690" ind1=" " ind2="7">
            <subfield code="B">u</subfield>
            <subfield code="u">371.002</subfield>
            <subfield code="a">Bildungspolitik</subfield>
            <subfield code="2">idssg HP</subfield>
         </datafield>
         <datafield tag="690" ind1=" " ind2="7">
            <subfield code="B">u</subfield>
            <subfield code="a">Bildungspolitik</subfield>
            <subfield code="2">idsbb BW</subfield>
         </datafield>
         <datafield tag="690" ind1=" " ind2="7">
            <subfield code="B">u</subfield>
            <subfield code="a">Bildungsforschung</subfield>
            <subfield code="2">idsbb BW</subfield>
         </datafield>
         <datafield tag="691" ind1=" " ind2="7">
            <subfield code="B">u</subfield>
            <subfield code="a">HOCHSCHULWESEN</subfield>
            <subfield code="z">ger</subfield>
            <subfield code="u">378</subfield>
            <subfield code="2">nebis E1</subfield>
         </datafield>
         <datafield tag="691" ind1=" " ind2="7">
            <subfield code="B">u</subfield>
            <subfield code="a">SCHULORGANISATION + LEHRKÖRPER (ERZIEHUNG)</subfield>
            <subfield code="z">ger</subfield>
            <subfield code="u">371.1</subfield>
            <subfield code="2">nebis E1</subfield>
         </datafield>
         <datafield tag="691" ind1=" " ind2="7">
            <subfield code="B">u</subfield>
            <subfield code="a">FÖDERALISMUS + BUNDESSTAATEN + AUTONOME REPUBLIKEN (STAATSRECHT)</subfield>
            <subfield code="z">ger</subfield>
            <subfield code="u">342.24,1</subfield>
            <subfield code="2">nebis E1</subfield>
         </datafield>
         <datafield tag="691" ind1=" " ind2="7">
            <subfield code="B">u</subfield>
            <subfield code="a">SCHWEIZ (MITTELEUROPA). SCHWEIZERISCHE EIDGENOSSENSCHAFT</subfield>
            <subfield code="z">ger</subfield>
            <subfield code="u">(494)</subfield>
            <subfield code="2">nebis E1</subfield>
         </datafield>
         <datafield tag="691" ind1=" " ind2="7">
            <subfield code="B">u</subfield>
            <subfield code="a">ENSEIGNEMENT SUPÉRIEUR</subfield>
            <subfield code="z">fre</subfield>
            <subfield code="u">378</subfield>
            <subfield code="2">nebis E1</subfield>
         </datafield>
         <datafield tag="691" ind1=" " ind2="7">
            <subfield code="B">u</subfield>
            <subfield code="a">HIGHER EDUCATION</subfield>
            <subfield code="z">eng</subfield>
            <subfield code="u">378</subfield>
            <subfield code="2">nebis E1</subfield>
         </datafield>
         <datafield tag="691" ind1=" " ind2="7">
            <subfield code="B">u</subfield>
            <subfield code="a">SCHOOL ORGANIZATION + SCHOOL STAFF (EDUCATION)</subfield>
            <subfield code="z">eng</subfield>
            <subfield code="u">371.1</subfield>
            <subfield code="2">nebis E1</subfield>
         </datafield>
         <datafield tag="691" ind1=" " ind2="7">
            <subfield code="B">u</subfield>
            <subfield code="a">ORGANISATION SCOLAIRE + CORPS PROFESSORAL (ÉDUCATION)</subfield>
            <subfield code="z">fre</subfield>
            <subfield code="u">371.1</subfield>
            <subfield code="2">nebis E1</subfield>
         </datafield>
         <datafield tag="691" ind1=" " ind2="7">
            <subfield code="B">u</subfield>
            <subfield code="a">FEDERALISM + FEDERAL STATES + AUTONOMOUS REBUPLICS (PUBLIC LAW)</subfield>
            <subfield code="z">eng</subfield>
            <subfield code="u">342.24,1</subfield>
            <subfield code="2">nebis E1</subfield>
         </datafield>
         <datafield tag="691" ind1=" " ind2="7">
            <subfield code="B">u</subfield>
            <subfield code="a">FÉDÉRALISME + ÉTATS FÉDÉRAUX + RÉPUBLIQUES AUTONOMES (DROIT PUBLIC)</subfield>
            <subfield code="z">fre</subfield>
            <subfield code="u">342.24,1</subfield>
            <subfield code="2">nebis E1</subfield>
         </datafield>
         <datafield tag="691" ind1=" " ind2="7">
            <subfield code="B">u</subfield>
            <subfield code="a">SUISSE (EUROPE CENTRALE). CONFÉDÉRATION SUISSE</subfield>
            <subfield code="z">fre</subfield>
            <subfield code="u">(494)</subfield>
            <subfield code="2">nebis E1</subfield>
         </datafield>
         <datafield tag="691" ind1=" " ind2="7">
            <subfield code="B">u</subfield>
            <subfield code="a">SWITZERLAND (CENTRAL EUROPE). SWISS CONFEDERATION</subfield>
            <subfield code="z">eng</subfield>
            <subfield code="u">(494)</subfield>
            <subfield code="2">nebis E1</subfield>
         </datafield>
         <datafield tag="691" ind1=" " ind2="7">
            <subfield code="B">u</subfield>
            <subfield code="u">370.42 Bildungspolitik</subfield>
            <subfield code="2">bgr PC</subfield>
         </datafield>
         <datafield tag="691" ind1=" " ind2="7">
            <subfield code="B">u</subfield>
            <subfield code="u">DI 1006</subfield>
            <subfield code="2">idslu LR</subfield>
         </datafield>
         <datafield tag="691" ind1=" " ind2="7">
            <subfield code="B">u</subfield>
            <subfield code="u">DI 3006</subfield>
            <subfield code="2">idslu LR</subfield>
         </datafield>
         <datafield tag="691" ind1=" " ind2="7">
            <subfield code="B">u</subfield>
            <subfield code="u">DI 1006 XA-CH</subfield>
            <subfield code="2">idslu LV</subfield>
         </datafield>
         <datafield tag="700" ind1="1" ind2=" ">
            <subfield code="a">Hügli</subfield>
            <subfield code="D">Anton</subfield>
            <subfield code="d">1939-</subfield>
            <subfield code="0">(DE-588)120431483</subfield>
            <subfield code="e">Verfasser</subfield>
            <subfield code="4">aut</subfield>
         </datafield>
         <datafield tag="700" ind1="1" ind2=" ">
            <subfield code="a">Künzli</subfield>
            <subfield code="D">Rudolf</subfield>
            <subfield code="d">1941-</subfield>
            <subfield code="0">(DE-588)108465217</subfield>
            <subfield code="e">Verfasser</subfield>
            <subfield code="4">aut</subfield>
         </datafield>
         <datafield tag="700" ind1="1" ind2=" ">
            <subfield code="a">Maag Merki</subfield>
            <subfield code="D">Katharina</subfield>
            <subfield code="d">1964-</subfield>
            <subfield code="0">(DE-588)122829158</subfield>
            <subfield code="e">Verfasser</subfield>
            <subfield code="4">aut</subfield>
         </datafield>
         <datafield tag="700" ind1="1" ind2=" ">
            <subfield code="a">Rosenmund</subfield>
            <subfield code="D">Moritz</subfield>
            <subfield code="d">1948-</subfield>
            <subfield code="0">(DE-588)171210484</subfield>
            <subfield code="e">Verfasser</subfield>
            <subfield code="4">aut</subfield>
         </datafield>
         <datafield tag="700" ind1="1" ind2=" ">
            <subfield code="a">Weber</subfield>
            <subfield code="D">Karl</subfield>
            <subfield code="d">1944-</subfield>
            <subfield code="0">(DE-588)13341504X</subfield>
            <subfield code="e">Verfasser</subfield>
            <subfield code="4">aut</subfield>
         </datafield>
         <datafield tag="856" ind1=" " ind2=" ">
            <subfield code="u">http://aleph.unisg.ch/hsgscan/hm00602395.pdf</subfield>
            <subfield code="z">Inhaltsverzeichnis</subfield>
         </datafield>
         <datafield tag="909" ind1=" " ind2="7">
            <subfield code="a">Stoppsignal FRED</subfield>
            <subfield code="2">nebis DS</subfield>
         </datafield>
         <datafield tag="909" ind1=" " ind2="7">
            <subfield code="a">zbzmon201703l</subfield>
            <subfield code="c">spie</subfield>
            <subfield code="d">zbzswk201703g</subfield>
            <subfield code="e">kara</subfield>
            <subfield code="2">idszbz Z2</subfield>
         </datafield>
         <datafield tag="909" ind1=" " ind2="7">
            <subfield code="a">UPHZH-201610</subfield>
            <subfield code="2">nebis EN</subfield>
         </datafield>
         <datafield tag="909" ind1=" " ind2="7">
            <subfield code="a">UIFE-201611</subfield>
            <subfield code="2">nebis EN</subfield>
         </datafield>
         <datafield tag="909" ind1=" " ind2="7">
            <subfield code="a">E39-20170809</subfield>
            <subfield code="2">nebis EN</subfield>
         </datafield>
         <datafield tag="909" ind1=" " ind2="7">
            <subfield code="a">PHGR-PRIMO-INDEX</subfield>
            <subfield code="2">nebis ER</subfield>
         </datafield>
         <datafield tag="909" ind1=" " ind2="7">
            <subfield code="a">WB Weiterbildung</subfield>
            <subfield code="2">idslu L6</subfield>
         </datafield>
         <datafield tag="909" ind1=" " ind2="7">
            <subfield code="a">NL201704</subfield>
            <subfield code="2">idslu L1</subfield>
         </datafield>
         <datafield tag="909" ind1=" " ind2="7">
            <subfield code="a">NLLUPHL201703</subfield>
            <subfield code="2">idslu L3</subfield>
         </datafield>
         <datafield tag="909" ind1=" " ind2="7">
            <subfield code="a">NLLUPHS201709</subfield>
            <subfield code="2">idslu L3</subfield>
         </datafield>
         <datafield tag="909" ind1=" " ind2="7">
            <subfield code="a">GND-Index</subfield>
            <subfield code="2">idslu LA</subfield>
         </datafield>
         <datafield tag="912" ind1=" " ind2="7">
            <subfield code="a">so</subfield>
            <subfield code="2">SzZuIDS BS/BE</subfield>
         </datafield>
         <datafield tag="912" ind1=" " ind2="7">
            <subfield code="a">UPHZHBUB</subfield>
            <subfield code="2">UPHZH-201610</subfield>
         </datafield>
         <datafield tag="912" ind1=" " ind2="7">
            <subfield code="a">UPHZHERW</subfield>
            <subfield code="2">UPHZH-201610</subfield>
         </datafield>
         <datafield tag="912" ind1=" " ind2="7">
            <subfield code="a">UPHZHERZ</subfield>
            <subfield code="2">UPHZH-201610</subfield>
         </datafield>
         <datafield tag="912" ind1=" " ind2="7">
            <subfield code="a">UPHZHHOH</subfield>
            <subfield code="2">UPHZH-201610</subfield>
         </datafield>
         <datafield tag="912" ind1=" " ind2="7">
            <subfield code="a">E6003</subfield>
            <subfield code="2">E60-20161114</subfield>
         </datafield>
         <datafield tag="912" ind1=" " ind2="7">
            <subfield code="a">N12PP</subfield>
            <subfield code="2">N12</subfield>
         </datafield>
         <datafield tag="912" ind1=" " ind2="7">
            <subfield code="a">pfhpp</subfield>
            <subfield code="2">Sz-ChBGR</subfield>
         </datafield>
         <datafield tag="912" ind1=" " ind2="7">
            <subfield code="a">220</subfield>
            <subfield code="2">IDS LU</subfield>
         </datafield>
         <datafield tag="950" ind1=" " ind2=" ">
            <subfield code="B">IDSSG</subfield>
            <subfield code="P">100</subfield>
            <subfield code="E">1-</subfield>
            <subfield code="a">Gonon</subfield>
            <subfield code="D">Philipp</subfield>
            <subfield code="d">1955-</subfield>
            <subfield code="0">(DE-588)120447444</subfield>
            <subfield code="e">Verfasser</subfield>
            <subfield code="4">aut</subfield>
         </datafield>
         <datafield tag="950" ind1=" " ind2=" ">
            <subfield code="B">IDSSG</subfield>
            <subfield code="P">700</subfield>
            <subfield code="E">1-</subfield>
            <subfield code="a">Hügli</subfield>
            <subfield code="D">Anton</subfield>
            <subfield code="d">1939-</subfield>
            <subfield code="0">(DE-588)120431483</subfield>
            <subfield code="e">Verfasser</subfield>
            <subfield code="4">aut</subfield>
         </datafield>
         <datafield tag="950" ind1=" " ind2=" ">
            <subfield code="B">IDSSG</subfield>
            <subfield code="P">700</subfield>
            <subfield code="E">1-</subfield>
            <subfield code="a">Künzli</subfield>
            <subfield code="D">Rudolf</subfield>
            <subfield code="d">1941-</subfield>
            <subfield code="0">(DE-588)108465217</subfield>
            <subfield code="e">Verfasser</subfield>
            <subfield code="4">aut</subfield>
         </datafield>
         <datafield tag="950" ind1=" " ind2=" ">
            <subfield code="B">IDSSG</subfield>
            <subfield code="P">700</subfield>
            <subfield code="E">1-</subfield>
            <subfield code="a">Maag Merki</subfield>
            <subfield code="D">Katharina</subfield>
            <subfield code="d">1964-</subfield>
            <subfield code="0">(DE-588)122829158</subfield>
            <subfield code="e">Verfasser</subfield>
            <subfield code="4">aut</subfield>
         </datafield>
         <datafield tag="950" ind1=" " ind2=" ">
            <subfield code="B">IDSSG</subfield>
            <subfield code="P">700</subfield>
            <subfield code="E">1-</subfield>
            <subfield code="a">Rosenmund</subfield>
            <subfield code="D">Moritz</subfield>
            <subfield code="d">1948-</subfield>
            <subfield code="0">(DE-588)171210484</subfield>
            <subfield code="e">Verfasser</subfield>
            <subfield code="4">aut</subfield>
         </datafield>
         <datafield tag="950" ind1=" " ind2=" ">
            <subfield code="B">IDSSG</subfield>
            <subfield code="P">700</subfield>
            <subfield code="E">1-</subfield>
            <subfield code="a">Weber</subfield>
            <subfield code="D">Karl</subfield>
            <subfield code="d">1944-</subfield>
            <subfield code="0">(DE-588)13341504X</subfield>
            <subfield code="e">Verfasser</subfield>
            <subfield code="4">aut</subfield>
         </datafield>
         <datafield tag="950" ind1=" " ind2=" ">
            <subfield code="B">IDSSG</subfield>
            <subfield code="P">856</subfield>
            <subfield code="E">--</subfield>
            <subfield code="u">http://aleph.unisg.ch/hsgscan/hm00602395.pdf</subfield>
            <subfield code="z">Inhaltsverzeichnis</subfield>
         </datafield>
         <datafield tag="950" ind1=" " ind2=" ">
            <subfield code="B">IDSBB</subfield>
            <subfield code="P">100</subfield>
            <subfield code="E">1-</subfield>
            <subfield code="a">Gonon</subfield>
            <subfield code="D">Philipp</subfield>
            <subfield code="d">1955-</subfield>
            <subfield code="0">(DE-588)120447444</subfield>
            <subfield code="e">Verfasser</subfield>
            <subfield code="4">aut</subfield>
         </datafield>
         <datafield tag="950" ind1=" " ind2=" ">
            <subfield code="B">IDSBB</subfield>
            <subfield code="P">700</subfield>
            <subfield code="E">1-</subfield>
            <subfield code="a">Hügli</subfield>
            <subfield code="D">Anton</subfield>
            <subfield code="d">1939-</subfield>
            <subfield code="0">(DE-588)120431483</subfield>
            <subfield code="e">Verfasser</subfield>
            <subfield code="4">aut</subfield>
         </datafield>
         <datafield tag="950" ind1=" " ind2=" ">
            <subfield code="B">IDSBB</subfield>
            <subfield code="P">700</subfield>
            <subfield code="E">1-</subfield>
            <subfield code="a">Künzli</subfield>
            <subfield code="D">Rudolf</subfield>
            <subfield code="d">1941-</subfield>
            <subfield code="0">(DE-588)108465217</subfield>
            <subfield code="e">Verfasser</subfield>
            <subfield code="4">aut</subfield>
         </datafield>
         <datafield tag="950" ind1=" " ind2=" ">
            <subfield code="B">IDSBB</subfield>
            <subfield code="P">700</subfield>
            <subfield code="E">1-</subfield>
            <subfield code="a">Maag Merki</subfield>
            <subfield code="D">Katharina</subfield>
            <subfield code="d">1964-</subfield>
            <subfield code="0">(DE-588)122829158</subfield>
            <subfield code="e">Verfasser</subfield>
            <subfield code="4">aut</subfield>
         </datafield>
         <datafield tag="950" ind1=" " ind2=" ">
            <subfield code="B">IDSBB</subfield>
            <subfield code="P">700</subfield>
            <subfield code="E">1-</subfield>
            <subfield code="a">Rosenmund</subfield>
            <subfield code="D">Moritz</subfield>
            <subfield code="d">1948-</subfield>
            <subfield code="0">(DE-588)171210484</subfield>
            <subfield code="e">Verfasser</subfield>
            <subfield code="4">aut</subfield>
         </datafield>
         <datafield tag="950" ind1=" " ind2=" ">
            <subfield code="B">IDSBB</subfield>
            <subfield code="P">700</subfield>
            <subfield code="E">1-</subfield>
            <subfield code="a">Weber</subfield>
            <subfield code="D">Karl</subfield>
            <subfield code="d">1944-</subfield>
            <subfield code="0">(DE-588)13341504X</subfield>
            <subfield code="e">Verfasser</subfield>
            <subfield code="4">aut</subfield>
         </datafield>
         <datafield tag="950" ind1=" " ind2=" ">
            <subfield code="B">NEBIS</subfield>
            <subfield code="P">100</subfield>
            <subfield code="E">1-</subfield>
            <subfield code="a">Gonon</subfield>
            <subfield code="D">Philipp</subfield>
            <subfield code="d">1955-</subfield>
            <subfield code="0">(DE-588)120447444</subfield>
            <subfield code="e">Verfasser</subfield>
            <subfield code="4">aut</subfield>
         </datafield>
         <datafield tag="950" ind1=" " ind2=" ">
            <subfield code="B">NEBIS</subfield>
            <subfield code="P">700</subfield>
            <subfield code="E">1-</subfield>
            <subfield code="a">Hügli</subfield>
            <subfield code="D">Anton</subfield>
            <subfield code="d">1939-</subfield>
            <subfield code="0">(DE-588)120431483</subfield>
            <subfield code="e">Verfasser</subfield>
            <subfield code="4">aut</subfield>
         </datafield>
         <datafield tag="950" ind1=" " ind2=" ">
            <subfield code="B">NEBIS</subfield>
            <subfield code="P">700</subfield>
            <subfield code="E">1-</subfield>
            <subfield code="a">Künzli</subfield>
            <subfield code="D">Rudolf</subfield>
            <subfield code="d">1941-</subfield>
            <subfield code="0">(DE-588)108465217</subfield>
            <subfield code="e">Verfasser</subfield>
            <subfield code="4">aut</subfield>
         </datafield>
         <datafield tag="950" ind1=" " ind2=" ">
            <subfield code="B">NEBIS</subfield>
            <subfield code="P">700</subfield>
            <subfield code="E">1-</subfield>
            <subfield code="a">Maag Merki</subfield>
            <subfield code="D">Katharina</subfield>
            <subfield code="d">1964-</subfield>
            <subfield code="0">(DE-588)122829158</subfield>
            <subfield code="e">Verfasser</subfield>
            <subfield code="4">aut</subfield>
         </datafield>
         <datafield tag="950" ind1=" " ind2=" ">
            <subfield code="B">NEBIS</subfield>
            <subfield code="P">700</subfield>
            <subfield code="E">1-</subfield>
            <subfield code="a">Rosenmund</subfield>
            <subfield code="D">Moritz</subfield>
            <subfield code="d">1948-</subfield>
            <subfield code="0">(DE-588)171210484</subfield>
            <subfield code="e">Verfasser</subfield>
            <subfield code="4">aut</subfield>
         </datafield>
         <datafield tag="950" ind1=" " ind2=" ">
            <subfield code="B">NEBIS</subfield>
            <subfield code="P">700</subfield>
            <subfield code="E">1-</subfield>
            <subfield code="a">Weber</subfield>
            <subfield code="D">Karl</subfield>
            <subfield code="e">Verfasser</subfield>
            <subfield code="4">aut</subfield>
         </datafield>
         <datafield tag="950" ind1=" " ind2=" ">
            <subfield code="B">RERO</subfield>
            <subfield code="P">700</subfield>
            <subfield code="E">1-</subfield>
            <subfield code="a">Hügli</subfield>
            <subfield code="D">Anton</subfield>
            <subfield code="d">1939-</subfield>
         </datafield>
         <datafield tag="950" ind1=" " ind2=" ">
            <subfield code="B">RERO</subfield>
            <subfield code="P">700</subfield>
            <subfield code="E">1-</subfield>
            <subfield code="a">Künzli</subfield>
            <subfield code="D">Rudolf</subfield>
         </datafield>
         <datafield tag="950" ind1=" " ind2=" ">
            <subfield code="B">RERO</subfield>
            <subfield code="P">700</subfield>
            <subfield code="E">1-</subfield>
            <subfield code="a">Maag Merki</subfield>
            <subfield code="D">Katharina</subfield>
            <subfield code="d">1964-</subfield>
         </datafield>
         <datafield tag="950" ind1=" " ind2=" ">
            <subfield code="B">RERO</subfield>
            <subfield code="P">700</subfield>
            <subfield code="E">1-</subfield>
            <subfield code="a">Rosenmund</subfield>
            <subfield code="D">Moritz</subfield>
         </datafield>
         <datafield tag="950" ind1=" " ind2=" ">
            <subfield code="B">RERO</subfield>
            <subfield code="P">700</subfield>
            <subfield code="E">1-</subfield>
            <subfield code="a">Gonon</subfield>
            <subfield code="D">Philipp</subfield>
         </datafield>
         <datafield tag="950" ind1=" " ind2=" ">
            <subfield code="B">RERO</subfield>
            <subfield code="P">856</subfield>
            <subfield code="E">42</subfield>
            <subfield code="u">http://d-nb.info/1100181873/04</subfield>
            <subfield code="z">Inhaltsverzeichnis</subfield>
         </datafield>
         <datafield tag="950" ind1=" " ind2=" ">
            <subfield code="B">BGR</subfield>
            <subfield code="P">100</subfield>
            <subfield code="E">1-</subfield>
            <subfield code="a">Gonon</subfield>
            <subfield code="D">Philipp</subfield>
         </datafield>
         <datafield tag="950" ind1=" " ind2=" ">
            <subfield code="B">BGR</subfield>
            <subfield code="P">856</subfield>
            <subfield code="E">--</subfield>
            <subfield code="u">http://d-nb.info/1100181873/04</subfield>
            <subfield code="z">Inhaltsverzeichnis</subfield>
            <subfield code="3">Inhaltsverzeichnis</subfield>
         </datafield>
         <datafield tag="950" ind1=" " ind2=" ">
            <subfield code="B">IDSLU</subfield>
            <subfield code="P">100</subfield>
            <subfield code="E">1-</subfield>
            <subfield code="a">Gonon</subfield>
            <subfield code="D">Philipp</subfield>
            <subfield code="d">1955-</subfield>
            <subfield code="0">(DE-588)120447444</subfield>
            <subfield code="e">Verfasser</subfield>
            <subfield code="4">aut</subfield>
         </datafield>
         <datafield tag="986" ind1=" " ind2=" ">
            <subfield code="a">SWISSBIB</subfield>
            <subfield code="b">369157532</subfield>
         </datafield>
         <datafield tag="898" ind1=" " ind2=" ">
            <subfield code="a">BK020000</subfield>
            <subfield code="b">XK020000</subfield>
            <subfield code="c">XK020000</subfield>
         </datafield>
         <datafield tag="949" ind1=" " ind2=" ">
            <subfield code="B">NEBIS</subfield>
            <subfield code="F">E33</subfield>
            <subfield code="j">577 A (437072)</subfield>
         </datafield>
         <datafield tag="949" ind1=" " ind2=" ">
            <subfield code="B">NEBIS</subfield>
            <subfield code="F">E39</subfield>
            <subfield code="j">371.01 GOVE</subfield>
         </datafield>
         <datafield tag="949" ind1=" " ind2=" ">
            <subfield code="B">NEBIS</subfield>
            <subfield code="F">E60</subfield>
            <subfield code="c">E60PA</subfield>
            <subfield code="j">DI_3000// 22</subfield>
         </datafield>
         <datafield tag="949" ind1=" " ind2=" ">
            <subfield code="B">NEBIS</subfield>
            <subfield code="F">N12</subfield>
            <subfield code="c">N12FH</subfield>
            <subfield code="j">PFH 370.42 GONO</subfield>
         </datafield>
         <datafield tag="949" ind1=" " ind2=" ">
            <subfield code="B">NEBIS</subfield>
            <subfield code="F">UIFE</subfield>
            <subfield code="c">ULPMA</subfield>
            <subfield code="j">DI 1000 50</subfield>
         </datafield>
         <datafield tag="949" ind1=" " ind2=" ">
            <subfield code="B">NEBIS</subfield>
            <subfield code="F">UPHZH</subfield>
            <subfield code="c">ULFHG</subfield>
            <subfield code="j">DL 3000 B10 67</subfield>
         </datafield>
         <datafield tag="949" ind1=" " ind2=" ">
            <subfield code="B">NEBIS</subfield>
            <subfield code="F">Z01</subfield>
            <subfield code="c">05</subfield>
            <subfield code="j">DA 77315</subfield>
         </datafield>
         <datafield tag="956" ind1="4" ind2=" ">
            <subfield code="B">NEBIS</subfield>
            <subfield code="C">ZAD50</subfield>
            <subfield code="D">EBI01</subfield>
            <subfield code="a">Z01</subfield>
            <subfield code="u">https://opac.nebis.ch/objects/pdf03/z01_978-3-0355-0551-1_01.pdf</subfield>
            <subfield code="y">Titelblatt und Inhaltsverzeichnis</subfield>
            <subfield code="x">VIEW</subfield>
            <subfield code="q">pdf</subfield>
         </datafield>
         <datafield tag="949" ind1=" " ind2=" ">
            <subfield code="B">RERO</subfield>
            <subfield code="F">RE01096</subfield>
            <subfield code="c">RE010970010</subfield>
            <subfield code="j">PHFR 37.014 GONO</subfield>
         </datafield>
         <datafield tag="949" ind1=" " ind2=" ">
            <subfield code="B">IDSBB</subfield>
            <subfield code="F">A125</subfield>
            <subfield code="c">125F2</subfield>
            <subfield code="j">UBW_MS_7050 3</subfield>
         </datafield>
         <datafield tag="949" ind1=" " ind2=" ">
            <subfield code="B">IDSBB</subfield>
            <subfield code="F">B418</subfield>
            <subfield code="c">FH</subfield>
            <subfield code="j">EHBZO 370.1 Gon 1</subfield>
            <subfield code="x">NELB4181609</subfield>
         </datafield>
         <datafield tag="949" ind1=" " ind2=" ">
            <subfield code="B">IDSBB</subfield>
            <subfield code="F">B418</subfield>
            <subfield code="c">FH</subfield>
            <subfield code="j">EHBZO 370.1 Gon 1a</subfield>
            <subfield code="x">NELB4181703</subfield>
         </datafield>
         <datafield tag="956" ind1="4" ind2=" ">
            <subfield code="B">IDSBB</subfield>
            <subfield code="C">DSV51</subfield>
            <subfield code="D">DSV01</subfield>
            <subfield code="a">A100</subfield>
            <subfield code="u">http://www.ub.unibas.ch/tox/IDSBB/006573615/PDF</subfield>
            <subfield code="q">pdf</subfield>
            <subfield code="x">VIEW</subfield>
            <subfield code="y">Inhaltsverzeichnis</subfield>
         </datafield>
         <datafield tag="949" ind1=" " ind2=" ">
            <subfield code="B">IDSBB</subfield>
            <subfield code="F">B500</subfield>
            <subfield code="c">FH</subfield>
            <subfield code="j">VRF_DI_1006 91</subfield>
            <subfield code="x">NELB5001703</subfield>
         </datafield>
         <datafield tag="949" ind1=" " ind2=" ">
            <subfield code="B">IDSBB</subfield>
            <subfield code="F">B517</subfield>
            <subfield code="c">517WP</subfield>
            <subfield code="j">IWB GONO</subfield>
         </datafield>
         <datafield tag="949" ind1=" " ind2=" ">
            <subfield code="B">IDSBB</subfield>
            <subfield code="F">B571</subfield>
            <subfield code="c">FH</subfield>
            <subfield code="j">ZUW 103.00/ 255</subfield>
            <subfield code="x">NELB5711610</subfield>
         </datafield>
         <datafield tag="949" ind1=" " ind2=" ">
            <subfield code="B">IDSLU</subfield>
            <subfield code="F">LUUHL</subfield>
            <subfield code="c">PLFRE</subfield>
            <subfield code="j">DI 1006 XA-CH 2016</subfield>
         </datafield>
         <datafield tag="949" ind1=" " ind2=" ">
            <subfield code="B">IDSLU</subfield>
            <subfield code="F">LUPHS</subfield>
            <subfield code="c">PSBIB</subfield>
            <subfield code="j">37.014 GONO</subfield>
         </datafield>
         <datafield tag="949" ind1=" " ind2=" ">
            <subfield code="B">IDSLU</subfield>
            <subfield code="F">LUZHB</subfield>
            <subfield code="c">SBIFR</subfield>
            <subfield code="j">DI 1006 XA-CH 2016</subfield>
         </datafield>
         <datafield tag="956" ind1="4" ind2=" ">
            <subfield code="B">IDSLU</subfield>
            <subfield code="C">ILU50</subfield>
            <subfield code="D">ILU01</subfield>
            <subfield code="a">LUZHB</subfield>
            <subfield code="u">http://www.ub.unibas.ch/tox/IDSBB/006573615/PDF</subfield>
            <subfield code="q">pdf</subfield>
            <subfield code="x">VIEW</subfield>
            <subfield code="y">Inhaltsverzeichnis</subfield>
         </datafield>
         <datafield tag="949" ind1=" " ind2=" ">
            <subfield code="B">IDSSG</subfield>
            <subfield code="F">HPHS</subfield>
            <subfield code="j">371.002//053</subfield>
         </datafield>
         <datafield tag="949" ind1=" " ind2=" ">
            <subfield code="B">IDSSG</subfield>
            <subfield code="F">HSG</subfield>
            <subfield code="c">UG</subfield>
            <subfield code="j">MG 32930 G639</subfield>
         </datafield>
         <datafield tag="852" ind1="4" ind2=" ">
            <subfield code="B">BGR</subfield>
            <subfield code="F">C007</subfield>
            <subfield code="j">- -</subfield>
            <subfield code="a">-</subfield>
         </datafield>
      <datafield tag="949" ind1=" " ind2=" "><subfield code="B">IDSSG</subfield><subfield code="F">HIFF</subfield><subfield code="c">BIB</subfield><subfield code="j">WD 102 1</subfield></datafield></record>