
<record xmlns:xs="http://www.w3.org/2001/XMLSchema">
         <leader>     cam a22     2  4500</leader>
         <controlfield tag="001">515877263</controlfield>
         <controlfield tag="003">CHVBK</controlfield>
         <controlfield tag="005">20180630060258.0</controlfield>
         <controlfield tag="008">180606s1996    xx            00    ger d</controlfield>
         <datafield tag="035" ind1=" " ind2=" ">
            <subfield code="a">(OCoLC)1042267775</subfield>
         </datafield>
         <datafield tag="035" ind1=" " ind2=" ">
            <subfield code="a">(IDSSG)000996496</subfield>
         </datafield>
         <datafield tag="040" ind1=" " ind2=" ">
            <subfield code="a">SzZuIDS HSG</subfield>
            <subfield code="b">ger</subfield>
         </datafield>
         <datafield tag="100" ind1="1" ind2=" ">
            <subfield code="a">Borins</subfield>
            <subfield code="D">Sandford</subfield>
            <subfield code="e">Verfasser</subfield>
            <subfield code="4">aut</subfield>
         </datafield>
         <datafield tag="245" ind1="1" ind2="4">
            <subfield code="a">The New Public Administration</subfield>
            <subfield code="b">Global Challenges, Local Solutions</subfield>
            <subfield code="c">Sandford Borins, Edward Warrington</subfield>
         </datafield>
         <datafield tag="264" ind1=" " ind2="1">
            <subfield code="a">Malta</subfield>
            <subfield code="b">CAPAM</subfield>
            <subfield code="c">1996</subfield>
         </datafield>
         <datafield tag="300" ind1=" " ind2=" ">
            <subfield code="a">32 Seiten</subfield>
         </datafield>
         <datafield tag="336" ind1=" " ind2=" ">
            <subfield code="a">Text</subfield>
            <subfield code="b">txt</subfield>
            <subfield code="2">rdacontent/ger</subfield>
         </datafield>
         <datafield tag="337" ind1=" " ind2=" ">
            <subfield code="a">ohne Hilfsmittel zu benutzen</subfield>
            <subfield code="b">n</subfield>
            <subfield code="2">rdamedia/ger</subfield>
         </datafield>
         <datafield tag="338" ind1=" " ind2=" ">
            <subfield code="a">Band</subfield>
            <subfield code="b">nc</subfield>
            <subfield code="2">rdacarrier/ger</subfield>
         </datafield>
         <datafield tag="690" ind1=" " ind2="7">
            <subfield code="B">u</subfield>
            <subfield code="u">YQ</subfield>
            <subfield code="a">Wirtschaftswissenschaften : Spezielle Betriebswirtschaftslehren</subfield>
            <subfield code="2">idssg HD</subfield>
         </datafield>
         <datafield tag="700" ind1="1" ind2=" ">
            <subfield code="a">Warrington</subfield>
            <subfield code="D">Edward</subfield>
         </datafield>
         <datafield tag="950" ind1=" " ind2=" ">
            <subfield code="B">IDSSG</subfield>
            <subfield code="P">100</subfield>
            <subfield code="E">1-</subfield>
            <subfield code="a">Borins</subfield>
            <subfield code="D">Sandford</subfield>
            <subfield code="e">Verfasser</subfield>
            <subfield code="4">aut</subfield>
         </datafield>
         <datafield tag="950" ind1=" " ind2=" ">
            <subfield code="B">IDSSG</subfield>
            <subfield code="P">700</subfield>
            <subfield code="E">1-</subfield>
            <subfield code="a">Warrington</subfield>
            <subfield code="D">Edward</subfield>
         </datafield>
         <datafield tag="898" ind1=" " ind2=" ">
            <subfield code="a">BK020000</subfield>
            <subfield code="b">XK020000</subfield>
            <subfield code="c">XK020000</subfield>
         </datafield>
         <datafield tag="949" ind1=" " ind2=" ">
            <subfield code="B">IDSSG</subfield>
            <subfield code="F">HIFF</subfield>
            <subfield code="c">BIB</subfield>
            <subfield code="j">EA 274</subfield>
         </datafield>
      <datafield tag="949" ind1=" " ind2=" "><subfield code="B">IDSSG</subfield><subfield code="F">HIFF</subfield><subfield code="c">BIB</subfield><subfield code="j">EA 274</subfield></datafield></record>